@article{Aghion1992,
  author  = {Aghion, Philippe and Howitt, Peter},
  title   = {A Model of Growth through Creative Destruction},
  journal = {Econometrica},
  year    = {1992},
  volume  = {60},
  number  = {2},
  pages   = {323--351}

}

@book{Acemoglu2012,
  author    = {Acemoglu, Daron and Robinson, James A.},
  title     = {Why Nations Fail: The Origins of Power, Prosperity, and Poverty},
  publisher = {Crown Business},
  year      = {2012}
}

@article{AcemogluRestrepo2018,
  author  = {Acemoglu, Daron and Restrepo, Pascual},
  title   = {The Race Between Man and Machine: Implications of Technology for Growth, Factor Shares, and Employment},
  journal = {American Economic Review},
  year    = {2018},
  volume  = {108},
  number  = {6},
  pages   = {1488--1542}
}

@article{Smale1976,
  author  = {Smale, Stephen},
  title   = {Mathematical Problems in Economics},
  journal = {Bulletin of the American Mathematical Society},
  year    = {1976},
  volume  = {82},
  number  = {1},
  pages   = {1--23}
}

@book{MarsdenRatiu1999,
  author    = {Marsden, Jerrold E. and Ratiu, Tudor S.},
  title     = {Introduction to Mechanics and Symmetry},
  edition   = {2nd},
  publisher = {Springer-Verlag},
  address   = {New York},
  year      = {1999},
  series    = {Applied Mathematical Sciences},
  volume    = {17}
}
